@misc{usability,
	title = {Usability.gov},
	url = {https://www.usability.gov/},
	publisher = {Department of Health and Human Services}, 
	author = {Government, United States}, 
	year = {2013}
}

@misc{bbcguide,
	title = {BBC Accessibility Guidelines},
	url = {http://www.bbc.co.uk/guidelines/futuremedia/accessibility/mobile},
	publisher = {BBC},
	author = {BBC},
	year = {2016}
}

@misc{w3guide,
	title = {W3 Accessibility Guidelines},
	url = {https://www.w3.org/WAI/mobile},
	publisher = {W3 Consortium},
	author = {W3 Consortium},
	year = {2017}
}

@misc{reactAccess,
	title = {React Native Accessibility Documentation},
	url = {https://facebook.github.io/react-native/docs/accessibility.html},
	publisher = {GitHub},
	author = {Facebook},
	year = {2017}
}

@misc{testing,
	title = {My Approach to Mobile Accessibility Testing},
	url = {https://dojo.ministryoftesting.com/lessons/my-approach-to-mobile-accessibility-testing},
	pulisher = {Ministry of Testing},
	author = {Burge, Helen},
	year = {2017}
}